<record><leader>00000cas a22000007a 4500</leader><controlfield tag="001">15159510</controlfield><controlfield tag="008">870206d19uu1984inudn ne      0    0eng d</controlfield><datafield ind1=" " ind2=" " tag="010"><subfield code="a">sn 87055187 </subfield></datafield><datafield ind1=" " ind2=" " tag="040"><subfield code="a">NPI</subfield><subfield code="b">eng</subfield><subfield code="c">NPI</subfield><subfield code="d">NYS</subfield><subfield code="d">OCLCQ</subfield></datafield><datafield ind1=" " ind2=" " tag="042"><subfield code="a">msc</subfield></datafield><datafield ind1="0" ind2=" " tag="130"><subfield code="a">Columbia City post (Columbia City, Ind. : Daily)</subfield></datafield><datafield ind1="1" ind2="0" tag="245"><subfield code="a">Columbia City post.</subfield></datafield><datafield ind1="3" ind2="0" tag="246"><subfield code="a">Columbia City post &amp; mail shopping news</subfield></datafield><datafield ind1="3" ind2="0" tag="246"><subfield code="a">Columbia City post and mail shopping news</subfield></datafield><datafield ind1=" " ind2=" " tag="260"><subfield code="a">Columbia City, Ind. :</subfield><subfield code="b">J.W. Adams,</subfield><subfield code="c">-1984.</subfield></datafield><datafield ind1=" " ind2=" " tag="300"><subfield code="a">v.</subfield></datafield><datafield ind1=" " ind2=" " tag="310"><subfield code="a">Daily (except Sun.)</subfield></datafield><datafield ind1="0" ind2=" " tag="362"><subfield code="a">-v. 86, no. 32 (Feb. 15, 1984).</subfield></datafield><datafield ind1=" " ind2=" " tag="500"><subfield code="a">Published on Tues. in conjunction with the Commercial-mail as: Columbia City post &amp; mail shopping news, Feb. 3, 1981-Feb. 14, 1984.</subfield></datafield><datafield ind1=" " ind2=" " tag="580"><subfield code="a">Also published in a weekly ed. called: Columbia City post (Columbia City, Ind. : Weekly).</subfield></datafield><datafield ind1=" " ind2=" " tag="588"><subfield code="a">Description based on: Vol. 76, no. 2 (Jan. 2, 1929).</subfield></datafield><datafield ind1=" " ind2=" " tag="752"><subfield code="a">United States</subfield><subfield code="b">Indiana</subfield><subfield code="c">Whitley</subfield><subfield code="d">Columbia City.</subfield></datafield><datafield ind1="1" ind2=" " tag="775"><subfield code="t">Columbia City post (Columbia City, Ind. : Weekly)</subfield><subfield code="w">(DLC)sn 84027295</subfield><subfield code="w">(OCoLC)11006952</subfield></datafield><datafield ind1="0" ind2="0" tag="780"><subfield code="t">Evening post (Columbia City, Ind.)</subfield><subfield code="w">(DLC)sn 91066669</subfield><subfield code="w">(OCoLC)24463183</subfield></datafield><datafield ind1="0" ind2="7" tag="785"><subfield code="t">Commercial-mail</subfield><subfield code="w">(DLC)sn 84045500</subfield></datafield><datafield ind1="0" ind2="7" tag="785"><subfield code="t">Post &amp; mail</subfield><subfield code="w">(DLC)sn 84009886</subfield><subfield code="w">(OCoLC)10454928</subfield></datafield></record>